%YAML 1.1
%TAG !u! tag:unity3d.com,2011:
--- !u!1 &257657592461840821
GameObject:
  m_ObjectHideFlags: 0
  m_CorrespondingSourceObject: {fileID: 0}
  m_PrefabInstance: {fileID: 0}
  m_PrefabAsset: {fileID: 0}
  serializedVersion: 6
  m_Component:
  - component: {fileID: 3875413381192623014}
  - component: {fileID: 2631927007665945221}
  - component: {fileID: 3240475421377055473}
  m_Layer: 0
  m_Name: roadcust
  m_TagString: Untagged
  m_Icon: {fileID: 0}
  m_NavMeshLayer: 0
  m_StaticEditorFlags: 0
  m_IsActive: 1
--- !u!4 &3875413381192623014
Transform:
  m_ObjectHideFlags: 0
  m_CorrespondingSourceObject: {fileID: 0}
  m_PrefabInstance: {fileID: 0}
  m_PrefabAsset: {fileID: 0}
  m_GameObject: {fileID: 257657592461840821}
  m_LocalRotation: {x: 0, y: -0, z: -0, w: 1}
  m_LocalPosition: {x: -6.3, y: 4.5, z: 10}
  m_LocalScale: {x: 2, y: 1.8, z: 1}
  m_Children:
  - {fileID: 6748331923745697950}
  - {fileID: 7706067810119251722}
  - {fileID: 7212322890246573456}
  m_Father: {fileID: 0}
  m_RootOrder: 0
  m_LocalEulerAnglesHint: {x: 0, y: 0, z: 0}
--- !u!64 &2631927007665945221
MeshCollider:
  m_ObjectHideFlags: 0
  m_CorrespondingSourceObject: {fileID: 0}
  m_PrefabInstance: {fileID: 0}
  m_PrefabAsset: {fileID: 0}
  m_GameObject: {fileID: 257657592461840821}
  m_Material: {fileID: 0}
  m_IsTrigger: 0
  m_Enabled: 1
  serializedVersion: 3
  m_Convex: 0
  m_CookingOptions: 30
  m_Mesh: {fileID: -2432090755550338912, guid: a91ace8d0ed4200489cae90f5399675a, type: 3}
--- !u!114 &3240475421377055473
MonoBehaviour:
  m_ObjectHideFlags: 0
  m_CorrespondingSourceObject: {fileID: 0}
  m_PrefabInstance: {fileID: 0}
  m_PrefabAsset: {fileID: 0}
  m_GameObject: {fileID: 257657592461840821}
  m_Enabled: 1
  m_EditorHideFlags: 0
  m_Script: {fileID: 11500000, guid: 6593225a2f34ec945b3b904ac053688e, type: 3}
  m_Name: 
  m_EditorClassIdentifier: 
  destroyPointPos: {fileID: 0}
--- !u!65 &4122951546926210913
BoxCollider:
  m_ObjectHideFlags: 0
  m_CorrespondingSourceObject: {fileID: 0}
  m_PrefabInstance: {fileID: 0}
  m_PrefabAsset: {fileID: 0}
  m_GameObject: {fileID: 5930124344855773059}
  m_Material: {fileID: 0}
  m_IsTrigger: 0
  m_Enabled: 1
  serializedVersion: 2
  m_Size: {x: 3.3755722, y: 3.0255759, z: 2.861087}
  m_Center: {x: -1.79546, y: 3.2561688, z: -1.9207858}
--- !u!1 &6025579462436205608
GameObject:
  m_ObjectHideFlags: 0
  m_CorrespondingSourceObject: {fileID: 0}
  m_PrefabInstance: {fileID: 0}
  m_PrefabAsset: {fileID: 0}
  serializedVersion: 6
  m_Component:
  - component: {fileID: 6748331923745697950}
  - component: {fileID: 6333790240700802125}
  - component: {fileID: 3369966184472758461}
  m_Layer: 0
  m_Name: default
  m_TagString: Untagged
  m_Icon: {fileID: 0}
  m_NavMeshLayer: 0
  m_StaticEditorFlags: 0
  m_IsActive: 1
--- !u!4 &6748331923745697950
Transform:
  m_ObjectHideFlags: 0
  m_CorrespondingSourceObject: {fileID: 0}
  m_PrefabInstance: {fileID: 0}
  m_PrefabAsset: {fileID: 0}
  m_GameObject: {fileID: 6025579462436205608}
  m_LocalRotation: {x: 0, y: -0, z: -0, w: 1}
  m_LocalPosition: {x: -0, y: 0, z: 0}
  m_LocalScale: {x: 1, y: 1, z: 1}
  m_Children: []
  m_Father: {fileID: 3875413381192623014}
  m_RootOrder: 0
  m_LocalEulerAnglesHint: {x: 0, y: 0, z: 0}
--- !u!33 &6333790240700802125
MeshFilter:
  m_ObjectHideFlags: 0
  m_CorrespondingSourceObject: {fileID: 0}
  m_PrefabInstance: {fileID: 0}
  m_PrefabAsset: {fileID: 0}
  m_GameObject: {fileID: 6025579462436205608}
  m_Mesh: {fileID: -2432090755550338912, guid: a91ace8d0ed4200489cae90f5399675a, type: 3}
--- !u!23 &3369966184472758461
MeshRenderer:
  m_ObjectHideFlags: 0
  m_CorrespondingSourceObject: {fileID: 0}
  m_PrefabInstance: {fileID: 0}
  m_PrefabAsset: {fileID: 0}
  m_GameObject: {fileID: 6025579462436205608}
  m_Enabled: 1
  m_CastShadows: 1
  m_ReceiveShadows: 1
  m_DynamicOccludee: 1
  m_MotionVectors: 1
  m_LightProbeUsage: 1
  m_ReflectionProbeUsage: 1
  m_RayTracingMode: 2
  m_RenderingLayerMask: 1
  m_RendererPriority: 0
  m_Materials:
  - {fileID: 2100000, guid: 1e21c1bf51f624a46af92da437ed8b27, type: 2}
  m_StaticBatchInfo:
    firstSubMesh: 0
    subMeshCount: 0
  m_StaticBatchRoot: {fileID: 0}
  m_ProbeAnchor: {fileID: 0}
  m_LightProbeVolumeOverride: {fileID: 0}
  m_ScaleInLightmap: 1
  m_ReceiveGI: 1
  m_PreserveUVs: 0
  m_IgnoreNormalsForChartDetection: 0
  m_ImportantGI: 0
  m_StitchLightmapSeams: 1
  m_SelectedEditorRenderState: 3
  m_MinimumChartSize: 4
  m_AutoUVMaxDistance: 0.5
  m_AutoUVMaxAngle: 89
  m_LightmapParameters: {fileID: 0}
  m_SortingLayerID: 0
  m_SortingLayer: 0
  m_SortingOrder: 0
--- !u!65 &8856286656297928028
BoxCollider:
  m_ObjectHideFlags: 0
  m_CorrespondingSourceObject: {fileID: 0}
  m_PrefabInstance: {fileID: 0}
  m_PrefabAsset: {fileID: 0}
  m_GameObject: {fileID: 6677195579881948441}
  m_Material: {fileID: 0}
  m_IsTrigger: 0
  m_Enabled: 1
  serializedVersion: 2
  m_Size: {x: 3.3755722, y: 3.0255759, z: 2.9966736}
  m_Center: {x: -1.79546, y: 3.2561688, z: -1.9683611}
--- !u!1001 &2408833963931559562
PrefabInstance:
  m_ObjectHideFlags: 0
  serializedVersion: 2
  m_Modification:
    m_TransformParent: {fileID: 3875413381192623014}
    m_Modifications:
    - target: {fileID: -5975033157549033438, guid: f722a4c5f225ba042963c58f9043c032,
        type: 3}
      propertyPath: m_LocalScale.x
      value: 0.9
      objectReference: {fileID: 0}
    - target: {fileID: -5975033157549033438, guid: f722a4c5f225ba042963c58f9043c032,
        type: 3}
      propertyPath: m_LocalScale.y
      value: 0.9
      objectReference: {fileID: 0}
    - target: {fileID: -5975033157549033438, guid: f722a4c5f225ba042963c58f9043c032,
        type: 3}
      propertyPath: m_LocalPosition.z
      value: -0.57
      objectReference: {fileID: 0}
    - target: {fileID: -5975033157549033438, guid: f722a4c5f225ba042963c58f9043c032,
        type: 3}
      propertyPath: m_LocalScale.z
      value: 0.7
      objectReference: {fileID: 0}
    - target: {fileID: -4216859302048453862, guid: f722a4c5f225ba042963c58f9043c032,
        type: 3}
      propertyPath: m_LocalPosition.x
      value: -7.45
      objectReference: {fileID: 0}
    - target: {fileID: -4216859302048453862, guid: f722a4c5f225ba042963c58f9043c032,
        type: 3}
      propertyPath: m_LocalPosition.y
      value: 1.15
      objectReference: {fileID: 0}
    - target: {fileID: -4216859302048453862, guid: f722a4c5f225ba042963c58f9043c032,
        type: 3}
      propertyPath: m_LocalPosition.z
      value: 0.3
      objectReference: {fileID: 0}
    - target: {fileID: -4216859302048453862, guid: f722a4c5f225ba042963c58f9043c032,
        type: 3}
      propertyPath: m_LocalRotation.x
      value: -0
      objectReference: {fileID: 0}
    - target: {fileID: -4216859302048453862, guid: f722a4c5f225ba042963c58f9043c032,
        type: 3}
      propertyPath: m_LocalRotation.y
      value: -0
      objectReference: {fileID: 0}
    - target: {fileID: -4216859302048453862, guid: f722a4c5f225ba042963c58f9043c032,
        type: 3}
      propertyPath: m_LocalRotation.z
      value: -0
      objectReference: {fileID: 0}
    - target: {fileID: -4216859302048453862, guid: f722a4c5f225ba042963c58f9043c032,
        type: 3}
      propertyPath: m_LocalRotation.w
      value: 1
      objectReference: {fileID: 0}
    - target: {fileID: -4216859302048453862, guid: f722a4c5f225ba042963c58f9043c032,
        type: 3}
      propertyPath: m_RootOrder
      value: 2
      objectReference: {fileID: 0}
    - target: {fileID: -4216859302048453862, guid: f722a4c5f225ba042963c58f9043c032,
        type: 3}
      propertyPath: m_LocalEulerAnglesHint.x
      value: 0
      objectReference: {fileID: 0}
    - target: {fileID: -4216859302048453862, guid: f722a4c5f225ba042963c58f9043c032,
        type: 3}
      propertyPath: m_LocalEulerAnglesHint.y
      value: 0
      objectReference: {fileID: 0}
    - target: {fileID: -4216859302048453862, guid: f722a4c5f225ba042963c58f9043c032,
        type: 3}
      propertyPath: m_LocalEulerAnglesHint.z
      value: 0
      objectReference: {fileID: 0}
    - target: {fileID: -4216859302048453862, guid: f722a4c5f225ba042963c58f9043c032,
        type: 3}
      propertyPath: m_LocalScale.x
      value: 0.6
      objectReference: {fileID: 0}
    - target: {fileID: -4216859302048453862, guid: f722a4c5f225ba042963c58f9043c032,
        type: 3}
      propertyPath: m_LocalScale.y
      value: 0.5
      objectReference: {fileID: 0}
    - target: {fileID: -4216859302048453862, guid: f722a4c5f225ba042963c58f9043c032,
        type: 3}
      propertyPath: m_LocalScale.z
      value: 0.8
      objectReference: {fileID: 0}
    - target: {fileID: -2416733968201007103, guid: f722a4c5f225ba042963c58f9043c032,
        type: 3}
      propertyPath: m_Materials.Array.data[0]
      value: 
      objectReference: {fileID: 2100000, guid: cb87dfc0f5222c84f927a2ac0069a7df, type: 2}
    - target: {fileID: -927199367670048503, guid: f722a4c5f225ba042963c58f9043c032,
        type: 3}
      propertyPath: m_Name
      value: cust (1)
      objectReference: {fileID: 0}
    m_RemovedComponents: []
  m_SourcePrefab: {fileID: 100100000, guid: f722a4c5f225ba042963c58f9043c032, type: 3}
--- !u!1 &5930124344855773059 stripped
GameObject:
  m_CorrespondingSourceObject: {fileID: -927199367670048503, guid: f722a4c5f225ba042963c58f9043c032,
    type: 3}
  m_PrefabInstance: {fileID: 2408833963931559562}
  m_PrefabAsset: {fileID: 0}
--- !u!4 &7212322890246573456 stripped
Transform:
  m_CorrespondingSourceObject: {fileID: -4216859302048453862, guid: f722a4c5f225ba042963c58f9043c032,
    type: 3}
  m_PrefabInstance: {fileID: 2408833963931559562}
  m_PrefabAsset: {fileID: 0}
--- !u!1001 &3426050842147642384
PrefabInstance:
  m_ObjectHideFlags: 0
  serializedVersion: 2
  m_Modification:
    m_TransformParent: {fileID: 3875413381192623014}
    m_Modifications:
    - target: {fileID: -5975033157549033438, guid: f722a4c5f225ba042963c58f9043c032,
        type: 3}
      propertyPath: m_LocalScale.x
      value: 0.9
      objectReference: {fileID: 0}
    - target: {fileID: -5975033157549033438, guid: f722a4c5f225ba042963c58f9043c032,
        type: 3}
      propertyPath: m_LocalScale.y
      value: 0.9
      objectReference: {fileID: 0}
    - target: {fileID: -5975033157549033438, guid: f722a4c5f225ba042963c58f9043c032,
        type: 3}
      propertyPath: m_LocalPosition.z
      value: -0.57
      objectReference: {fileID: 0}
    - target: {fileID: -5975033157549033438, guid: f722a4c5f225ba042963c58f9043c032,
        type: 3}
      propertyPath: m_LocalScale.z
      value: 0.7
      objectReference: {fileID: 0}
    - target: {fileID: -4216859302048453862, guid: f722a4c5f225ba042963c58f9043c032,
        type: 3}
      propertyPath: m_LocalPosition.x
      value: -17.41
      objectReference: {fileID: 0}
    - target: {fileID: -4216859302048453862, guid: f722a4c5f225ba042963c58f9043c032,
        type: 3}
      propertyPath: m_LocalPosition.y
      value: 1.15
      objectReference: {fileID: 0}
    - target: {fileID: -4216859302048453862, guid: f722a4c5f225ba042963c58f9043c032,
        type: 3}
      propertyPath: m_LocalPosition.z
      value: 0.3
      objectReference: {fileID: 0}
    - target: {fileID: -4216859302048453862, guid: f722a4c5f225ba042963c58f9043c032,
        type: 3}
      propertyPath: m_LocalRotation.x
      value: -0
      objectReference: {fileID: 0}
    - target: {fileID: -4216859302048453862, guid: f722a4c5f225ba042963c58f9043c032,
        type: 3}
      propertyPath: m_LocalRotation.y
      value: -0
      objectReference: {fileID: 0}
    - target: {fileID: -4216859302048453862, guid: f722a4c5f225ba042963c58f9043c032,
        type: 3}
      propertyPath: m_LocalRotation.z
      value: -0
      objectReference: {fileID: 0}
    - target: {fileID: -4216859302048453862, guid: f722a4c5f225ba042963c58f9043c032,
        type: 3}
      propertyPath: m_LocalRotation.w
      value: 1
      objectReference: {fileID: 0}
    - target: {fileID: -4216859302048453862, guid: f722a4c5f225ba042963c58f9043c032,
        type: 3}
      propertyPath: m_RootOrder
      value: 1
      objectReference: {fileID: 0}
    - target: {fileID: -4216859302048453862, guid: f722a4c5f225ba042963c58f9043c032,
        type: 3}
      propertyPath: m_LocalEulerAnglesHint.x
      value: 0
      objectReference: {fileID: 0}
    - target: {fileID: -4216859302048453862, guid: f722a4c5f225ba042963c58f9043c032,
        type: 3}
      propertyPath: m_LocalEulerAnglesHint.y
      value: 0
      objectReference: {fileID: 0}
    - target: {fileID: -4216859302048453862, guid: f722a4c5f225ba042963c58f9043c032,
        type: 3}
      propertyPath: m_LocalEulerAnglesHint.z
      value: 0
      objectReference: {fileID: 0}
    - target: {fileID: -4216859302048453862, guid: f722a4c5f225ba042963c58f9043c032,
        type: 3}
      propertyPath: m_LocalScale.x
      value: 0.6
      objectReference: {fileID: 0}
    - target: {fileID: -4216859302048453862, guid: f722a4c5f225ba042963c58f9043c032,
        type: 3}
      propertyPath: m_LocalScale.y
      value: 0.5
      objectReference: {fileID: 0}
    - target: {fileID: -4216859302048453862, guid: f722a4c5f225ba042963c58f9043c032,
        type: 3}
      propertyPath: m_LocalScale.z
      value: 0.8
      objectReference: {fileID: 0}
    - target: {fileID: -2416733968201007103, guid: f722a4c5f225ba042963c58f9043c032,
        type: 3}
      propertyPath: m_Materials.Array.data[0]
      value: 
      objectReference: {fileID: 2100000, guid: cb87dfc0f5222c84f927a2ac0069a7df, type: 2}
    - target: {fileID: -927199367670048503, guid: f722a4c5f225ba042963c58f9043c032,
        type: 3}
      propertyPath: m_Name
      value: cust
      objectReference: {fileID: 0}
    m_RemovedComponents: []
  m_SourcePrefab: {fileID: 100100000, guid: f722a4c5f225ba042963c58f9043c032, type: 3}
--- !u!1 &6677195579881948441 stripped
GameObject:
  m_CorrespondingSourceObject: {fileID: -927199367670048503, guid: f722a4c5f225ba042963c58f9043c032,
    type: 3}
  m_PrefabInstance: {fileID: 3426050842147642384}
  m_PrefabAsset: {fileID: 0}
--- !u!4 &7706067810119251722 stripped
Transform:
  m_CorrespondingSourceObject: {fileID: -4216859302048453862, guid: f722a4c5f225ba042963c58f9043c032,
    type: 3}
  m_PrefabInstance: {fileID: 3426050842147642384}
  m_PrefabAsset: {fileID: 0}
